@article{eniac,
    Author = {Taylor, Abram},
    Journal = {Salem Press Encyclopedia},
    Keywords = {ENIAC (Computer), History of computers, Mauchly, John William},
    Title = {Electronic Numerical Integrator And Computer (ENIAC).},
    URL = {http://search.ebscohost.com/login.aspx?direct=true&db=ers&AN=89116373&site=eds-live},
    Year = {2018},
}

@article{manchesterbaby,
    title={The beginnings of the Manchester computer phenomenon: people and influences},
    author={Croarken, Mary},
    journal={IEEE Annals of the History of Computing},
    volume={15},
    number={3},
    pages={9--16},
    year={1993},
    publisher={IEEE}
}